@article{woodland-large-scale-discriminative,
  title={{Large scale discriminative training of Hidden Markov Models for
    Speech Recognition}},
  author={Woodland, Philip C and Povey, Daniel},
  journal={Computer Speech \& Language},
  volume={16},
  number={1},
  pages={25--47},
  year={2002},
  publisher={Elsevier}
}

@inproceedings{zavaliagkos1998using,
  title={{Using untranscribed training data to improve performance}},
  author={Zavaliagkos, George and Siu, Manhung and Colthurst, Thomas and Billa, Jayadev},
  booktitle={Proc. ICSLP},
  year={1998},
  publisher = {ISCA}
}

@article{huang2010-semisup,
  title={Semi-supervised training of gaussian mixture models by conditional
    entropy minimization},
  author={Huang, Jui-Ting and Hasegawa-Johnson, Mark},
  journal={Optimization},
  volume={4},
  pages={5},
  year={2010}
}

@inproceedings{aspire,
  title={The automatic speech recogition in reverberant environments (ASpIRE) challenge},
  author={Harper, Mary},
  booktitle={Automatic Speech Recognition and Understanding (ASRU), 2015 IEEE Workshop on},
  pages={547--554},
  year={2015},
  organization={IEEE}
}

@inproceedings{huang2008mmie,
  title={Maximum mutual information estimation with unlabeled data for phonetic classification.},
  author={Huang, Jui-Ting and Hasegawa-Johnson, Mark},
  booktitle={INTERSPEECH},
  pages={952--955},
  year={2008}
}

@phdthesis{huang-thesis,
  title={Semi-supervised learning for acoustic and prosodic modeling in speech applications},
  author={Huang, Jui Ting},
  year={2012},
  publisher={Citeseer}
}

@inproceedings{li2009-expectation-semiring,
  title={First-and second-order expectation semirings with applications to
    minimum-risk training on translation forests},
  author={Li, Zhifei and Eisner, Jason},
  booktitle={Proceedings of the 2009 Conference on Empirical Methods in
    Natural Language Processing: Volume 1-Volume 1},
  pages={40--51},
  year={2009},
  organization={Association for Computational Linguistics}
}

@inproceedings{vesely2013-sequence,
  title={Sequence-discriminative training of deep neural networks.},
  author={Vesel{\`y}, Karel and Ghoshal, Arnab and Burget, Luk{\'a}s and
    Povey, Daniel},
  booktitle={INTERSPEECH},
  pages={2345--2349},
  year={2013}
}

@inproceedings{vesely2013-semi,
  title={{Semi-supervised training of Deep Neural Networks}},
  author={Vesely, Karel and Hannemann, Mirko and Burget, Lukas},
  booktitle={Automatic Speech Recognition and Understanding (ASRU), 2013
    IEEE Workshop on},
  pages={267--272},
  year={2013},
  organization={IEEE}
}

@INPROCEEDINGS{bahl-mmie,
  author={Bahl, L. and Brown, P. and de Souza, P.V. and Mercer, R.},
  booktitle={Acoustics, Speech, and Signal Processing, IEEE International Conference on ICASSP '86.},
  title={{Maximum Mutual Information Estimation of Hidden Markov Model
    parameters for Speech Recognition}},
  year={1986},
  month={Apr},
  volume={11},
  pages={49-52},
  keywords={Acoustic waves;Hidden Markov models;Loudspeakers;Maximum likelihood decoding;Maximum likelihood estimation;Mutual information;Parameter estimation;Random variables;Speech processing;Speech recognition},
  doi={10.1109/ICASSP.1986.1169179},}

@inproceedings{fisher-corpus,
  title={The Fisher Corpus: a Resource for the Next Generations of Speech-to-Text.},
  author={Cieri, Christopher and Miller, David and Walker, Kevin},
  booktitle={LREC},
  volume={4},
  pages={69--71},
  year={2004}
}

@inproceedings{poveyexactlattice,
   author = {Daniel Povey and others},
   @COMMENT = {Mirko Hannemann and Gilles Boulianne and
     Luk{\'a}s Burget and Arnab Ghoshal and Milos Janda and Martin
       Karafi{\'a}t and Stefan Kombrink and Petr Motlicek and Yanmin
       Qian and Korbinian Riedhammer and Karel Vesel{\`y} and Thang
       Ngoc Vu},
   title = {Generating Exact Lattices in The {WFST} Framework},
   pages = {4213--4216},
   booktitle = {Proceedings of 2012 IEEE International Conference on
	Acoustics, Speech and Signal Processing},
   year = {2012},
   location = {Kyoto, JP},
   publisher = {IEEE Signal Processing Society},
   ISBN = {978-1-4673-0044-5},
   language = {english}
}


@article{xu2011mbr,
  title={Minimum Bayes Risk decoding and system combination based on a recursion for edit distance},
  author={Xu, Haihua and Povey, Daniel and Mangu, Lidia and Zhu, Jie},
  journal={Computer Speech \& Language},
  volume={25},
  number={4},
  pages={802--828},
  year={2011},
  publisher={Elsevier}
}

@inproceedings{dnn_review,
  title={New types of deep neural network learning for speech recognition and related applications: An overview},
  author={Deng, Li and Hinton, Geoffrey and Kingsbury, Brian},
  booktitle={Proc. ICASSP},
  year={2013}
}

@INPROCEEDINGS {efficient_general,
 author = {A. Ljolje and F. Pereira and M. Riley},
 title = "{Efficient General Lattice Generation and Rescoring}",
  booktitle = "{Proc. Eurospeech}",
  year = 1999
}

%%http://research.microsoft.com/apps/pubs/?id=139955
@ARTICLE{can2011lattice, 
author={Can, D. and Saraclar, M.}, 
journal={Audio, Speech, and Language Processing, IEEE Transactions on}, 
title={Lattice Indexing for Spoken Term Detection}, 
year={2011}, 
volume={19}, 
number={8}, 
pages={2338-2347}, 
keywords={natural language processing;speech processing;speech recognition;OpenFst library;deterministic weighted finite-state transducer;generalized factor transducer structure;inverted index;raw automatic speech recognition lattices;spoken term detection task;time information;Automata;Indexes;Lattices;Speech;Speech recognition;Strontium;Transducers;Factor automata;lattice indexing;speech retrieval (SR);spoken term detection (STD);weighted finite-state transducers}, 
doi={10.1109/TASL.2011.2134087}, 
ISSN={1558-7916},}

@inproceedings{smbr,
  title={Hypothesis spaces for minimum Bayes risk training in large vocabulary speech recognition.},
  author={Gibson, Matthew and Hain, Thomas},
  booktitle={INTERSPEECH},
  year={2006},
  organization={Citeseer}
}


@INPROCEEDINGS{ pitch_pegah,
  author = {Pegah Ghahremani and Bagher BabaAli and Daniel Povey and Korbinian Riedhammer and Jan Trmal and Sanjeev Khudanpur},
  title = "{A Pitch Extraction Algorithm tuned for Automatic Speech Recognition}",
  booktitle = "{ICASSP}",
  year = 2014
}

@INPROCEEDINGS{ smbr_dan,
  author = {Daniel Povey and Brian Kingsbury},
  title = "{Evaluation of proposed modifications to MPE for large scale discriminative training}",
  booktitle = "{ICASSP}",
  year = 2007
}

@INPROCEEDINGS{ poveyboostmmi,
   author = { Daniel Povey and Dimitri Kanevsky and others},
   title = "{Boosted MMI for Feature and Model Space Discriminative Training}",
   booktitle = "ICASSP",
   year = 2008
}

@INPROCEEDINGS{mpe,
   author    = {D. Povey. and P. C. Woodland},
   title     = "{Minimum Phone Error and I-smoothing for Improved Discriminative Training}",
   booktitle = "ICASSP",
   year = 2002
}

@PHDTHESIS{dan_thesis,
   author = {D. Povey},
   title = "{Discriminative Training for Large Voculabulary Speech Recognition}",
   school = "Cambridge University",
   year = 2004,
}

@INPROCEEDINGS{ fmpe05,
   author = { D. Povey and B. Kingsbury and L. Mangu and G. Saon and H. Soltau and G. Zweig },
   title = "{fMPE: Discriminatively trained features for speech recognition}",
   booktitle = "ICASSP",
   year = 2005
}

@INPROCEEDINGS{ fmpeinter05,
   author = { D. Povey },
   title = "{Improvements to fMPE for discriminative training of features}",
   booktitle = "Interspeech",
   year = 2005
}

@Article{orig_cmllr,
  author = {M. J. F.  Gales and Woodland, P. C.},
  title = "{Mean and Variance Adaptation Within the MLLR Framework}",
  journal = "{Computer Speech and Language}", 
  year = "1996",
  volume = 10,
  pages = "249--264"
}


@INPROCEEDINGS {
   srilm,
   author = {A. Stolcke},
   title = "{SRILM - An Extensible Language Modeling Toolkit}",
   booktitle = "ICSLP",
   year = 2002 
}

@INPROCEEDINGS {
   openfst,
   author = {C. Allauzen and M. Riley and J. Schalkwyk and W. Skut and M. Mohri },
   title = "{OpenFst: a general and efficient weighted finite-state transducer library}",
   booktitle = "Proc. CIAA",
   year = 2007
}


@inproceedings{shafran2011efficient,
  title={Efficient Determinization of Tagged Word Lattices using Categorial and Lexicographic Semirings},
  author={I. Shafran and R. Sproat and M. Yarmohammadi and Brian Roark},
  booktitle={Proc. ASRU, 2011, Hawai'i},
  year={2011}
}

@Article{
  wfst,
  author =  {M. Mohri and F. Pereira and M. Riley},
  title = "Weighted Finite-State Transducers in Speech Recognition",
  journal = "Computer Speech and Language",
  year = {2002},
  pages = {69--88},
  volume = {20},
  number = {1}
}
@inproceedings{
    kaldi_paper,
	author = {D. Povey and A. Ghoshal and others},
    title = "{The Kaldi Speech Recognition Toolkit}",
	year = {2011},
    booktitle = {Proc. ASRU}
}


@Article {
  plp,
  author = {H. Hermansky},
  title = "Perceptual linear predictive (PLP) analysis of speech",
  journal = "Journal of the Acoustical Society of America",
  volume = "87",
  pages = "1738--1752",
  year = 1990
}

@article{mfcc,
  title={Distance measures for speech recognition, psychological and instrumental},
  author={Mermelstein, Paul},
  journal={Pattern recognition and artificial intelligence},
  volume={116},
  pages={374--388},
  year={1976},
  publisher={New York: Academic}
}

@inproceedings{lda,
  title={Linear discriminant analysis for improved large vocabulary continuous speech recognition},
  author={Haeb-Umbach, Reinhold and Ney, Hermann},
  booktitle={Acoustics, Speech, and Signal Processing, 1992. ICASSP-92., 1992 IEEE International Conference on},
  volume={1},
  pages={13--16},
  year={1992},
  organization={IEEE}
}

@inproceedings{mllt,
  title={Maximum likelihood modeling with Gaussian distributions for classification},
  author={Gopinath, Ramesh A},
  booktitle={Acoustics, Speech and Signal Processing, 1998. Proceedings of the 1998 IEEE International Conference on},
  volume={2},
  pages={661--664},
  year={1998},
  organization={IEEE}
}

@INPROCEEDINGS {
  switchboard,
  author = "J.~J Godfrey and others", 
  title = "Switchboard: Telephone speech corpus for research and development",
  booktitle = "ICASSP",
  year = 1992 
}

@INPROCEEDINGS{
  pnorm,
  author={Xiaohui Zhang and Jan Trmal and Daniel Povey and Sanjeev Khudanpur},
  booktitle={{Acoustics, Speech and Signal Processing (ICASSP), 2014 IEEE International Conference on}},
  title={{Improving Deep Neural Network Acoustic Models using Generalized Maxout Networks}},
  year={2014},
  month={May},
  pages={215-219},
  doi={10.1109/ICASSP.2014.6853589}
}

@INPROCEEDINGS{shakti_features,
  author = {P. Shakti Rath and Daniel Povey and Karel Vesel{\`y} and Jan
    {C}ernock{\`y}},
  title = {{Improved Feature Processing for Deep Neural Networks}},
  pages = {109--113},
  booktitle = {Proceedings of Interspeech 2013},
  journal = {Proceedings of the 14th Annual Conference of the
    International Speech Communication Association (Interspeech
        2013).},
  number = {8},
  year = {2013},
  location = {Lyon, FR},
  publisher = {International Speech Communication Association},
  ISBN = {978-1-62993-443-3},
  ISSN = {2308-457X},
  language = {english}
}

@inproceedings{vesely2013semi,
  title={Semi-supervised training of deep neural networks},
  author={Vesely, Karel and Hannemann, Mirko and Burget, Lukas},
  booktitle={Automatic Speech Recognition and Understanding (ASRU), 2013 IEEE Workshop on},
  pages={267--272},
  year={2013},
  organization={IEEE}
}

@inproceedings{margin-speech,
  title={Modified MMI/MPE: A direct evaluation of the margin in speech recognition},
  author={Heigold, Georg and Deselaers, Thomas and Schl{\"u}ter, Ralf and Ney, Hermann},
  booktitle={Proceedings of the 25th international conference on Machine learning},
  pages={384--391},
  year={2008},
  organization={ACM}
}

@article{valtchev1997mmie,
  title={{MMIE training of large vocabulary recognition systems}},
  author={Valtchev, V and Odell, JJ and Woodland, Philip C and Young, Steve J},
  journal={Speech Communication},
  volume={22},
  number={4},
  pages={303--314},
  year={1997},
  publisher={Elsevier}
}

@INPROCEEDINGS{valtchev1996lattice,
author={Valtchev, V. and Odell, J.J. and Woodland, P.C. and Young, S.J.},
booktitle={Acoustics, Speech, and Signal Processing, 1996. ICASSP-96. Conference Proceedings., 1996 IEEE International Conference on},
title={Lattice-based discriminative training for large vocabulary speech recognition},
year={1996},
month={May},
volume={2},
pages={605-608 vol. 2},
keywords={computational complexity;hidden Markov models;maximum likelihood estimation;speech recognition;MMIE training;Wall Street journal database;computational complexity;confusable speech segments;continuous density HMM;estimation algorithm;experimental results;large search space;large training sets;large vocabulary speech recognition;lattice-based discriminative training;maximum mutual information estimation;recognition accuracy;training data;utterance hypotheses;word lattices;Context modeling;Databases;Encoding;Hidden Markov models;Laboratories;Lattices;Maximum likelihood estimation;Speech recognition;Training data;Vocabulary},
doi={10.1109/ICASSP.1996.543193},
ISSN={1520-6149},}

@article{mce,
  title={{Minimum Classification Error rate methods for Speech Recognition}},
  author={Juang, Biing-Hwang and Hou, Wu and Lee, Chin-Hui},
  journal={Speech and Audio Processing, IEEE Transactions on},
  volume={5},
  number={3},
  pages={257--265},
  year={1997},
  publisher={IEEE}
}

@INPROCEEDINGS{Chan04improvingbroadcast,
    author = {H. Y. Chan and P. C. Woodland},
    title = {Improving broadcast news transcription by lightly supervised discriminative training},
    booktitle = {IN PROC. IEEE INT. CONF. ACOUST., SPEECH, SIGNAL PROCESS},
    year = {2004},
    publisher = {}
}

@article{lamel2002lightly,
  title={Lightly supervised and unsupervised acoustic model training},
  author={Lamel, Lori and Gauvain, Jean-Luc and Adda, Gilles},
  journal={Computer Speech \& Language},
  volume={16},
  number={1},
  pages={115--129},
  year={2002},
  publisher={Elsevier}
}

@inproceedings{mathias2005discriminative,
  title={Discriminative Training of Acoustic Models Applied to Domains with Unreliable Transcripts.},
  author={Mathias, Lambert and Yegnanarayanan, Girija and Fritsch, Juergen},
  booktitle={ICASSP (1)},
  pages={109--112},
  year={2005}
}

@INPROCEEDINGS{data-selection-mpe,
author={Shih-Hung Liu and Fang-Hui Chu and Shih-Hsiang Lin and Chen, B.},
booktitle={Multimedia and Expo, 2007 IEEE International Conference on},
title={Investigating Data Selection for Minimum Phone Error Training of Acoustic Models},
year={2007},
month={July},
pages={348-351},
keywords={Gaussian processes;entropy;speech recognition;Gaussian posterior probabilities;Mandarin broadcast news recognition;Taiwan;acoustic models;data selection;discriminative training;minimum phone error training;normalized frame-level entropy;Acoustical engineering;Automatic speech recognition;Broadcasting;Computer errors;Computer science;Entropy;Hidden Markov models;Lattices;Man machine systems;Speech recognition},
doi={10.1109/ICME.2007.4284658},}

@article{unification-discriminative,
  title={Discriminative learning in sequential pattern recognition},
  author={He, Xiaodong and Deng, Li and Chou, Wu},
  journal={Signal Processing Magazine, IEEE},
  volume={25},
  number={5},
  pages={14--36},
  year={2008},
  publisher={IEEE}
}

@INPROCEEDINGS{huang-transfer,
author={Jui-Ting Huang and Jinyu Li and Dong Yu and Li Deng and Yifan Gong},
booktitle={Acoustics, Speech and Signal Processing (ICASSP), 2013 IEEE International Conference on},
title={Cross-language knowledge transfer using multilingual deep neural network with shared hidden layers},
year={2013},
month={May},
pages={7304-7308},
keywords={hidden Markov models;linguistics;neural nets;speech recognition;DNN;complex feature transformations;cross-language knowledge transfer;error reductions;language specific data;learned hidden layers;log-linear classifier;multilingual deep neural network;recognition accuracy;Acoustics;Hidden Markov models;Neural networks;Speech;Speech recognition;Training;Training data;CD-DNN-HMM;deep neural network;multilingual speech recognition;multitask learning;transfer learning},
doi={10.1109/ICASSP.2013.6639081},
ISSN={1520-6149},}

@book{connectionist_speech,
  author = {Bourlard, Herve A. and Morgan, Nelson},
  title = {{Connectionist Speech Recognition: A Hybrid Approach}},
  year = {1993},
  isbn = {0792393961},
  publisher = {Kluwer Academic Publishers},
  address = {Norwell, MA, USA},
} 

@inproceedings{kaiser2000novel,
  title={{A novel loss function for the overall risk criterion based
    discriminative training of HMM models}},
  author={Kaiser, Janez and Horvat, Bogomir and Kacic, Zdravko},
  booktitle={Sixth International Conference on Spoken Language Processing},
  year={2000}
}

@article{backprop,
  title={Learning representations by back-propagating errors},
  author={Rumelhart, David E and Hinton, Geoffrey E and Williams, Ronald J},
  journal={Cognitive modeling},
  volume={5},
  year={1988}
}

@article{yu2010unsupervised,
  title={{Unsupervised training and directed manual transcription for LVCSR}},
  author={Yu, Kai and Gales, Mark and Wang, Lan and Woodland, Philip C},
  journal={Speech Communication},
  volume={52},
  number={7},
  pages={652--663},
  year={2010},
  publisher={Elsevier}
}

@misc{babel,
  title={{IARPA Babel Program}},
  author={Harper, Mary},
  year={2014}
}

@inproceedings{jhu_babel,
  title={A Keyword Search System Using Open Source Software},
  author={Trmal, Jan and Chen, Guoguo and Povey, Dan and Khudanpur, Sanjeev and Ghahremani, Pegah and Zhang, Xiaohui and Manohar, Vimal and Liu, Chunxi and Jansen, Aren and Klakow, Dietrich and others},
  booktitle={Proceedings of the Workshop on Spoken Language Technologies, Lake Tahoe, CA},
  year={2014}
}

@article{povey2014parallel,
  title={Parallel training of Deep Neural Networks with Natural Gradient and Parameter Averaging},
  author={Povey, Daniel and Zhang, Xiaohui and Khudanpur, Sanjeev},
  journal={arXiv preprint arXiv:1410.7455},
  year={2014}
}

@inproceedings{zhang2014semi,
  title={Semi-Supervised DNN Training in Meeting Recognition},
  author={Zhang, Pengyuan and Liu, Yulan and Hain, Thomas},
  booktitle={Proceedings of},
  year={2014},
  organization={Sheffield}
}

@INPROCEEDINGS{grezl2013bootstrapping,
author={Grezl, F. and Karafiat, M.},
booktitle={Automatic Speech Recognition and Understanding (ASRU), 2013 IEEE Workshop on},
title={Semi-supervised bootstrapping approach for neural network feature extractor training},
year={2013},
month={Dec},
pages={470-475},
keywords={feature extraction;hidden Markov models;learning (artificial intelligence);neural nets;statistical analysis;GMM-HMM recognizer;automatically transcribed segments;bottle-neck feature extractor;confidence assignment;neural network feature extractor training;neural network training;semisupervised bootstrapping approach;supervised data;transcription;untranscribed data;Accuracy;Artificial neural networks;Feature extraction;Hidden Markov models;Labeling;Training;Training data;Semi-supervised training;bootstrapping;bottle-neck features},
doi={10.1109/ASRU.2013.6707775},}

@article{multitask-learning,
  title={Multitask learning},
  author={Caruana, Rich},
  journal={Machine learning},
  volume={28},
  number={1},
  pages={41--75},
  year={1997},
  publisher={Springer}
}

@INPROCEEDINGS{heigold2013multilingual,
author={Heigold, G. and Vanhoucke, V. and Senior, A. and Nguyen, P. and Ranzato, M. and Devin, M. and Dean, J.},
booktitle={Acoustics, Speech and Signal Processing (ICASSP), 2013 IEEE International Conference on},
title={Multilingual acoustic models using distributed deep neural networks},
year={2013},
month={May},
pages={8619-8623},
keywords={languages;neural nets;speech recognition;Romance languages;distributed deep neural networks;multilingual acoustic models;multilingual network training;processing power;resource-scarce languages;speech recognition technology;train large networks;Acoustics;Computational modeling;Data models;Error analysis;Neural networks;Speech recognition;Training;Speech recognition;deep neural networks;distributed neural networks;multilingual training;parameter sharing},
doi={10.1109/ICASSP.2013.6639348},
ISSN={1520-6149},}

@incollection{entropy_regularization,
 author = {Yves {Grandvalet} and Yoshua {Bengio}},
 title = {Semi-supervised Learning by Entropy Minimization},
 booktitle = {Advances in Neural Information Processing Systems 17},
 editor = {Lawrence K. Saul and Yair Weiss and {L\'{e}on} Bottou},
 publisher = {MIT Press},
 address = {Cambridge, MA},
 pages = {529-536},
 year = {2005},
 original = "0529_519.PDF",
}

@article{conditional_maximum_likelihood,
  title={A decision theoretic formulation of a training problem in speech recognition and a comparison of training by unconditional versus conditional maximum likelihood},
  author={Nadas, Arthur},
  journal={IEEE Transactions on Acoustics, Speech, and Signal Processing},
  volume={31},
  number={4},
  pages={814--817},
  year={1983},
  publisher={Institute of electrical and electronics engineers}
}

@inproceedings{vijay_multisplice,
  crossref={INTERSPEECH15},
  title={
A time delay neural network architecture for efficient modeling of long
temporal contexts},
  author={Vijayaditya Peddinti and Daniel Povey and Sanjeev Khudanpur},
  url={http://www.danielpovey.com/files/2015_interspeech_multisplice.pdf},
  year={2015}
}


@inproceedings{vijay_aspire,
  title={Reverberation robust acoustic modeling using i-vectors with time delay neural networks},
  author={Peddinti, Vijayaditya and Chen, Guoguo and Povey, Daniel and Khudanpur, Sanjeev},
  booktitle={Sixteenth Annual Conference of the International Speech Communication Association},
  year={2015}
}

@inproceedings{manohar2015semi,
  title={Semi-supervised maximum mutual information training of deep neural network acoustic models.},
  author={Manohar, Vimal and Povey, Daniel and Khudanpur, Sanjeev},
  booktitle={INTERSPEECH},
  pages={2630--2634},
  year={2015}
}

@inproceedings{chain,
  title={{Purely Sequence-Trained Neural Networks for ASR Based on Lattice-Free MMI}},
  author={Povey, Daniel and Peddinti, Vijayaditya and Galvez, Daniel and Ghahremani, Pegah and Manohar, Vimal and Na, Xingyu and Wang, Yiming and Khudanpur, Sanjeev},
  booktitle={Proc. INTERSPEECH},
  pages={2751--2755},
  year={2016}
}

@inproceedings{cheng2017dropout,
  title={{An exploration of dropout with LSTMs}},
  author={Cheng, Gaofeng and Peddinti, Vijayaditya and Povey, Daniel and Manohar, Vimal and Khudanpur, Sanjeev and Yan, Yonghong},
  booktitle={Proc. INTERSPEECH},
  year={2017} 
}


@misc{mgb2-baseline-recipe,
  author={A. Ali and P. Bell and J. Glass and Y. Messaoui and H. Mubarak and S. Renals and Y. Zhang},
  title = {{ArabicASRChallenge2016}},
  year = {2016},
  publisher = {{GitHub}},
  journal = {{GitHub repository}},
  howpublished = {\url{https://github.com/qcri/ArabicASRChallenge2016/commit/090897c27a57be3d39d9abb4f93fd135f329eb67}}
}

@inproceedings{vijay-tdnn,
  title={{A time delay neural network architecture for efficient modeling of long temporal contexts}},
  author={Peddinti, Vijayaditya and Povey, Daniel and Khudanpur, Sanjeev},
  booktitle={Proc. INTERSPEECH},
  pages={3214--3218},
  year={2015}
}

@article{tdnn,
  title={{Phoneme recognition using time-delay neural networks}},
  author={Waibel, Alex and Hanazawa, Toshiyuki and Hinton, Geoffrey and Shikano, Kiyohiro and Lang, Kevin J},
  journal={IEEE transactions on acoustics, speech, and signal processing},
  volume={37},
  number={3},
  pages={328--339},
  year={1989},
  publisher={IEEE}
}

@INPROCEEDINGS{sell2014diarization,
author={G. Sell and D. Garcia-Romero},
booktitle={2014 IEEE Spoken Language Technology Workshop (SLT)},
title={Speaker diarization with plda i-vector scoring and unsupervised calibration},
year={2014},
pages={413-417},
doi={10.1109/SLT.2014.7078610},
month={Dec},}

@inproceedings{lium_toolkit,
  title={{LIUM SpkDiarization: an open source toolkit for diarization}},
  author={Meignier, Sylvain and Merlin, Teva},
  booktitle={CMU SPUD Workshop},
  volume={2010},
  year={2010}
}

@inproceedings{siegler1997changepoint,
  title={{Automatic segmentation, classification and clustering of broadcast news audio}},
  author={Siegler, Matthew A and Jain, Uday and Raj, Bhiksha and Stern, Richard M},
  booktitle={Proc. DARPA speech recognition workshop},
  volume={1997},
  year={1997}
}

@inproceedings{garcia2011length-normalization,
  title={Analysis of i-vector Length Normalization in Speaker Recognition Systems.},
  author={Garcia-Romero, Daniel and Espy-Wilson, Carol Y},
  booktitle={Interspeech},
  volume={2011},
  pages={249--252},
  year={2011}
}

@article{english_bn,
  title={An overview of Broadcast News corpora},
  author={Graff, David},
  journal={Speech Communication},
  volume={37},
  number={1},
  pages={15--26},
  year={2002},
  publisher={Elsevier}
}


@inproceedings{kneser1995improved,
  title={{Improved backing-off for m-gram language modeling}},
  author={Kneser, Reinhard and Ney, Hermann},
  booktitle={1995 International Conference on Acoustics, Speech, and Signal Processing}, 
  volume={1},
  pages={181--184},
  year={1995},
  organization={IEEE}
}

@inproceedings{chen1996empirical,
  title={{An empirical study of smoothing techniques for language modeling}},
  author={Chen, Stanley F and Goodman, Joshua},
  booktitle={Proc. Association for Computational Linguistics,  34th annual meeting on},
  pages={310--318},
  year={1996}
}


@inproceedings{karafiat-2011-ivector-adaptation,
  author = {Karafiat, Martin and Burget, Lukas and Matejka, Pavel and Glembek, Ondrej and Cernocky, Jan},
booktitle={Proc. Automatic Speech Recognition and Understanding (ASRU), 2011 IEEE Workshop on},
  doi = {10.1109/ASRU.2011.6163922},
  isbn = {978-1-4673-0367-5},
  month = dec,
  pages = {152--157},
  publisher = {IEEE},
  title = {{iVector-based discriminative adaptation for automatic speech recognition}},
  year = {2011}
}

@article{smith-waterman-alignment,
  title={Identification of common molecular subsequences},
  author={Smith, Temple F and Waterman, Michael S},
  journal={Journal of molecular biology},
  volume={147},
  number={1},
  pages={195--197},
  year={1981},
  publisher={Elsevier}
}

@inproceedings{ko2015audio,
  title={Audio augmentation for speech recognition.},
  author={Ko, Tom and Peddinti, Vijayaditya and Povey, Daniel and Khudanpur, Sanjeev},
  booktitle={INTERSPEECH},
  pages={3586--3589},
  year={2015}
}

@INPROCEEDINGS{pegah2017transfer,
  author={Pegah Ghahrehmani and Vimal Manohar and Daniel Povey and Sanjeev Khudanpur},
	booktitle={Automatic Speech Recognition and Understanding (ASRU), 2017 IEEE Workshop on},
  title={{Investigation of Transfer Learning for LF-MMI Trained Neural Networks for ASR}},
  year={2017}
}

@Inbook{ioffe2006plda,
author="Ioffe, Sergey",
editor="Leonardis, Ale{\v{s}}
and Bischof, Horst
and Pinz, Axel",
title="Probabilistic Linear Discriminant Analysis",
bookTitle="Computer Vision -- ECCV 2006: 9th European Conference on Computer Vision, Graz, Austria, May 7-13, 2006, Proceedings, Part IV",
year="2006",
publisher="Springer Berlin Heidelberg",
address="Berlin, Heidelberg",
pages="531--542",
isbn="978-3-540-33839-0",
doi="10.1007/11744085_41",
url="http://dx.doi.org/10.1007/11744085_41"
}

@article{dehak2011ivectors,
  title={Front-end factor analysis for speaker verification},
  author={Dehak, Najim and Kenny, Patrick J and Dehak, R{\'e}da and Dumouchel, Pierre and Ouellet, Pierre},
  journal={IEEE Transactions on Audio, Speech, and Language Processing},
  volume={19},
  number={4},
  pages={788--798},
  year={2011},
  publisher={IEEE}
}

@inproceedings{panayotov2015librispeech,
  title={Librispeech: an ASR corpus based on public domain audio books},
  author={Panayotov, Vassil and Chen, Guoguo and Povey, Daniel and Khudanpur, Sanjeev},
  booktitle={2015 International Conference on Acoustics, Speech, and Signal Processing}, 
  pages={5206--5210},
  year={2015}
}

@inproceedings{kaldi,
  title={{The Kaldi speech recognition toolkit}},
  author={Povey, Daniel and Ghoshal, Arnab and Boulianne, Gilles and Burget, Lukas and Glembek, Ondrej and Goel, Nagendra and Hannemann, Mirko and Motlicek, Petr and Qian, Yanmin and Schwarz, Petr and others},
  booktitle={Proc. ASRU},
  number={EPFL-CONF-192584},
  year={2011}
}

@article{openfst,
  title={OpenFst: A general and efficient weighted finite-state transducer library},
  author={Allauzen, Cyril and Riley, Michael and Schalkwyk, Johan and Skut, Wojciech and Mohri, Mehryar},
  journal={Implementation and Application of Automata},
  pages={11--23},
  year={2007},
  publisher={Springer}
}

@inproceedings{sak2014lstmp,
  title={Long short-term memory recurrent neural network architectures for large scale acoustic modeling},
  author={Sak, Ha{\c{s}}im and Senior, Andrew and Beaufays, Fran{\c{c}}oise},
  booktitle={Fifteenth Annual Conference of the International Speech Communication Association},
  year={2014}
}

@article{mangu2000confusion_networks,
  title={Finding consensus in speech recognition: word error minimization and other applications of confusion networks},
  author={Mangu, Lidia and Brill, Eric and Stolcke, Andreas},
  journal={Computer Speech \& Language},
  volume={14},
  number={4},
  pages={373--400},
  year={2000},
  publisher={Elsevier}
}

@INPROCEEDINGS{rover,
author={J. G. Fiscus},
booktitle={1997 IEEE Workshop on Automatic Speech Recognition and Understanding Proceedings},
title={A post-processing system to yield reduced word error rates: Recognizer Output Voting Error Reduction (ROVER)},
year={1997},
pages={347-354},
keywords={dynamic programming;error handling;fault tolerant computing;iterative methods;speech processing;speech recognition;National Institute of Standards and Technology;ROVER;acoustic model;automatic speech recognition;composite system output;dynamic programming alignments;independent knowledge sources;iterative applications;language model;minimal-cost word transition network;output modelling;output sequence selection;post-processing system;recognizer output voting error reduction;reduced word error rates;rescoring process;Automatic speech recognition;Benchmark testing;Conferences;Costs;Dynamic programming;Error analysis;NIST;Statistical analysis;System testing;Voting},
doi={10.1109/ASRU.1997.659110},
month={Dec},}

@article{srivastava2014dropout,
  title={Dropout: a simple way to prevent neural networks from overfitting.},
  author={Srivastava, Nitish and Hinton, Geoffrey E and Krizhevsky, Alex and Sutskever, Ilya and Salakhutdinov, Ruslan},
  journal={Journal of machine learning research},
  volume={15},
  number={1},
  pages={1929--1958},
  year={2014}
}

@INPROCEEDINGS{xiaodong2011multiobjective,
author={Cui, Xiaodong and Jing Huang and Jen-Tzung Chien},
booktitle={Proc. ICASSP},
title={Multi-view and multi-objective semi-supervised learning for large vocabulary continuous speech recognition},
year={2011},
month={May},
pages={4668-4671},
keywords={hidden Markov models;speech recognition;HMM-based acoustic models;LVCSR;SSL;broadcast news;large vocabulary continuous speech recognition;multiobjective semisupervised learning;Decision trees;Hidden Markov models;Mel frequency cepstral coefficient;Speech;Training;Vegetation;LVCSR;discriminative training;multi-objective learning;multi-view;semi-supervised learning},
doi={10.1109/ICASSP.2011.5947396},
ISSN={1520-6149},}

@inproceedings{pundak2016lfr,
  title={Lower Frame Rate Neural Network Acoustic Models.},
  author={Pundak, Golan and Sainath, Tara N},
  booktitle={Proc. INTERSPEECH},
  pages={22--26},
  year={2016}
}

@inproceedings{graves2006ctc,
  title={Connectionist temporal classification: labelling unsegmented sequence data with recurrent neural networks},
  author={Graves, Alex and Fern{\'a}ndez, Santiago and Gomez, Faustino and Schmidhuber, J{\"u}rgen},
  booktitle={Proc. ICML},
  pages={369--376},
  year={2006},
  organization={ACM}
}

@INPROCEEDINGS{vimal2017mgb3,
  author={Vimal Manohar and Daniel Povey and Sanjeev Khudanpur},
	booktitle={Proc. ASRU 2017},
  title={{JHU Kaldi System for Arabic MGB-3 ASR Challenge using Diarization, Audio-Transcript alignment and Transfer learning}},
  year={2017}
}


@article{walker2017semi,
  title={Semi-Supervised Model Training for Unbounded Conversational Speech Recognition},
  author={Walker, Shane and Pedersen, Morten and Orife, Iroro and Flaks, Jason},
  journal={arXiv preprint arXiv:1705.09724},
  year={2017}
}

@PHDTHESIS{dan-thesis,
   author = {D. Povey},
   title = "{Discriminative Training for Large Voculabulary Speech Recognition}",
   school = "Cambridge University",
   year = 2004,
}

@INPROCEEDINGS{hossein-2018-e2e,
	title={Towards discriminatively-trained HMM-based end-to-end models for automatic speech recognition},
	author={Hossein Hadian and Hossein Sameti and Daniel Povey and Sanjeev Khudanpur},
    booktitle={Submitted to ICASSP},
    year = {2018}
}

@article{rabiner1989tutorial,
  title={A tutorial on hidden Markov models and selected applications in speech recognition},
  author={Rabiner, Lawrence R},
  journal={Proceedings of the IEEE},
  volume={77},
  number={2},
  pages={257--286},
  year={1989},
  publisher={Ieee}
}

@inproceedings{ma2008unsupervised,
  title={Unsupervised versus supervised training of acoustic models},
  author={Ma, Jeff and Schwartz, Richard},
  booktitle={Ninth Annual Conference of the International Speech Communication Association},
  year={2008}
}

@incollection{mohri2008speech,
  title={Speech recognition with weighted finite-state transducers},
  author={Mohri, Mehryar and Pereira, Fernando and Riley, Michael},
  booktitle={Springer Handbook of Speech Processing},
  pages={559--584},
  year={2008},
  publisher={Springer}
}

@article{lu2015transfer,
  title={Transfer learning using computational intelligence: a survey},
  author={Lu, Jie and Behbood, Vahid and Hao, Peng and Zuo, Hua and Xue, Shan and Zhang, Guangquan},
  journal={Knowledge-Based Systems},
  volume={80},
  pages={14--23},
  year={2015},
  publisher={Elsevier}
}

@article{pan2010survey,
  title={A survey on transfer learning},
  author={Pan, Sinno Jialin and Yang, Qiang},
  journal={IEEE Transactions on knowledge and data engineering},
  volume={22},
  number={10},
  pages={1345--1359},
  year={2010},
  publisher={IEEE}
}

@inproceedings{bengio2011deep,
  title={Deep Learners Benefit More from Out-of-Distribution Examples.},
  author={Bengio, Yoshua and Bastien, Fr{\'e}d{\'e}ric and Bergeron, Arnaud and Boulanger-Lewandowski, Nicolas and Breuel, Thomas M and Chherawala, Youssouf and Cisse, Moustapha and C{\^o}t{\'e}, Myriam and Erhan, Dumitru and Eustache, Jeremy and others},
  booktitle={AISTATS},
  pages={164--172},
  year={2011}
}

@article{bengio2012deep,
  title={Deep learning of representations for unsupervised and transfer learning.},
  author={Bengio, Yoshua and others},
  journal={ICML Unsupervised and Transfer Learning},
  volume={27},
  pages={17--36},
  year={2012}
}

@article{hinton2006fast,
  title={A fast learning algorithm for deep belief nets},
  author={Hinton, Geoffrey E and Osindero, Simon and Teh, Yee-Whye},
  journal={Neural computation},
  volume={18},
  number={7},
  pages={1527--1554},
  year={2006},
  publisher={MIT Press}
}

@incollection{multitask,
  title={Multitask learning},
  author={Caruana, Rich},
  booktitle={Learning to learn},
  pages={95--133},
  year={1998},
  publisher={Springer}
}

@article{erhan2010pretraining,
  title={Why does unsupervised pre-training help deep learning?},
  author={Erhan, Dumitru and Bengio, Yoshua and Courville, Aaron and Manzagol, Pierre-Antoine and Vincent, Pascal and Bengio, Samy},
  journal={Journal of Machine Learning Research},
  volume={11},
  number={Feb},
  pages={625--660},
  year={2010}
}

@inproceedings{wang2015transfer,
  title={Transfer learning for speech and language processing},
  author={Wang, Dong and Zheng, Thomas Fang},
  booktitle={Signal and Information Processing Association Annual Summit and Conference (APSIPA), 2015 Asia-Pacific},
  pages={1225--1237},
  year={2015},
  organization={IEEE}
}

@inproceedings{manohar2018semisup,
  title={Semisupervised training of acoustic models using lattice-free MMI},
  author={Vimal Manohar and Hossein Hadian and Daniel Povey and Sanjeev
    Khudanpur},
  booktitle={ICASSP},
  year={2018}
}

@INPROCEEDINGS{mgb3,
  author={Ahmed Ali and Stephen Vogel and Steve Renals},
	booktitle={Submitted to Automatic Speech Recognition and Understanding (ASRU), 2017 IEEE Workshop on},
  title={{Speech Recognition Challenge in the Wild: Arabic MGB-3}},
  year={2017}
}

@INPROCEEDINGS{mgb2,
author={A. Ali and P. Bell and J. Glass and Y. Messaoui and H. Mubarak and S. Renals and Y. Zhang},
booktitle={2016 IEEE Spoken Language Technology Workshop (SLT)},
title={The MGB-2 challenge: Arabic multi-dialect broadcast media recognition},
year={2016},
pages={279-284},
doi={10.1109/SLT.2016.7846277},
month={Dec},}

@Article{beel2016recommender,
author="Beel, Joeran
and Gipp, Bela
and Langer, Stefan
and Breitinger, Corinna",
title="Research-paper recommender systems: a literature survey",
journal="International Journal on Digital Libraries",
year="2016",
month="Nov",
day="01",
volume="17",
number="4",
pages="305--338",
issn="1432-1300",
doi="10.1007/s00799-015-0156-0",
url="http://dx.doi.org/10.1007/s00799-015-0156-0"
}

@article{li-2017-teacher-student,
  title={Large-scale domain adaptation via teacher-student learning},
  author={Li, Jinyu and Seltzer, Michael L and Wang, Xi and Zhao, Rui and Gong, Yifan},
  journal={arXiv preprint arXiv:1708.05466},
  year={2017}
}

@article{attention-mechanism,
  title={Neural machine translation by jointly learning to align and translate},
  author={Bahdanau, Dzmitry and Cho, Kyunghyun and Bengio, Yoshua},
  journal={arXiv preprint arXiv:1409.0473},
  year={2014}
}

@inproceedings{ko2017augmentation,
  title={A study on data augmentation of reverberant speech for robust speech recognition},
  author={Ko, Tom and Peddinti, Vijayaditya and Povey, Daniel and Seltzer, Michael L and Khudanpur, Sanjeev},
  booktitle={Acoustics, Speech and Signal Processing (ICASSP), 2017 IEEE International Conference on},
  pages={5220--5224},
  year={2017},
  organization={IEEE}
}

@inproceedings{wong2016sequence-ts,
  title={Sequence student-teacher training of deep neural networks},
  author={Wong, JHM and Gales, MJF},
  booktitle={Proceedings of the Annual Conference of the International Speech Communication Association, INTERSPEECH},
  volume={8},
  pages={2761--2765},
  year={2016}
}

@INPROCEEDINGS{kanda2017sequence-kl, 
author="Naoyuki Kanda and Yusuke Fujita and Kenji Nagamatsu",
booktitle={2017 IEEE Automatic Speech Recognition and Understanding Workshop (ASRU)}, 
title={Investigation of lattice-free maximum mutual information-based acoustic models with sequence-level Kullback-Leibler divergence}, 
year={2017}, 
volume={}, 
number={}, 
pages={69-76}, 
doi={10.1109/ASRU.2017.8268918}, 
ISSN={}, 
month={Dec},}

@inproceedings{ba2014deep,
  title={Do deep nets really need to be deep?},
  author={Ba, Jimmy and Caruana, Rich},
  booktitle={Advances in neural information processing systems},
  pages={2654--2662},
  year={2014}
}

@inproceedings{bucilua2006model,
  title={Model compression},
  author={Buciluǎ, Cristian and Caruana, Rich and Niculescu-Mizil, Alexandru},
  booktitle={Proceedings of the 12th ACM SIGKDD international conference on Knowledge discovery and data mining},
  pages={535--541},
  year={2006},
  organization={ACM}
}

@article{hinton2015distilling,
  title={Distilling the knowledge in a neural network},
  author={Hinton, Geoffrey and Vinyals, Oriol and Dean, Jeff},
  journal={arXiv preprint arXiv:1503.02531},
  year={2015}
}

@inproceedings{vijay_ami,
  title={Far-Field ASR Without Parallel Data.},
  author={Peddinti, Vijayaditya and Manohar, Vimal and Wang, Yiming and Povey, Daniel and Khudanpur, Sanjeev},
  booktitle={INTERSPEECH},
  pages={1996--2000},
  year={2016}
}

@inproceedings{ami-corpus,
  title={The AMI meeting corpus},
  author={McCowan, Iain and Carletta, Jean and Kraaij, W and Ashby, S and Bourban, S and Flynn, M and Guillemot, M and Hain, T and Kadlec, J and Karaiskos, V and others},
  booktitle={Proceedings of the 5th International Conference on Methods and Techniques in Behavioral Research},
  volume={88},
  pages={100},
  year={2005}
}

@inproceedings{icsi-corpus,
  title={The ICSI meeting corpus},
  author={Janin, Adam and Baron, Don and Edwards, Jane and Ellis, Dan and Gelbart, David and Morgan, Nelson and Peskin, Barbara and Pfau, Thilo and Shriberg, Elizabeth and Stolcke, Andreas and others},
  booktitle={Acoustics, Speech, and Signal Processing, 2003. Proceedings.(ICASSP'03). 2003 IEEE International Conference on},
  volume={1},
  pages={I--I},
  year={2003},
  organization={IEEE}
}

@inproceedings{mixer6-corpus,
  title={The mixer 6 corpus: Resources for crosschannel and text independent speaker recognition},
  author={Brandschain, L and Graff, D and Cieri, C and Walker, K and Caruso, C and Neely, A},
  booktitle={Proc. of LREC},
  year={2010}
}

@article{long2017domain,
  title={Domain adaptation of lattice-free MMI based TDNN models for speech recognition},
  author={Long, Yanhua and Li, Yijie and Ye, Hone and Mao, Hongwei},
  journal={International Journal of Speech Technology},
  volume={20},
  number={1},
  pages={171--178},
  year={2017},
  publisher={Springer}
}

@inproceedings{yu2013kl,
  title={KL-divergence regularized deep neural network adaptation for improved large vocabulary speech recognition},
  author={Yu, Dong and Yao, Kaisheng and Su, Hang and Li, Gang and Seide, Frank},
  booktitle={Acoustics, Speech and Signal Processing (ICASSP), 2013 IEEE International Conference on},
  pages={7893--7897},
  year={2013},
  organization={IEEE}
}

@article{li2018far-field-ts,
  title={Developing far-field speaker system via teacher-student learning},
  author={Li, Jinyu and Zhao, Rui and Chen, Zhuo and Liu, Changliang and Xiao, Xiong and Ye, Guoli and Gong, Yifan},
  journal={arXiv preprint arXiv:1804.05166},
  year={2018}
}

@article{meng2018adversarial-ts,
  title={Adversarial Teacher-Student Learning for Unsupervised Domain Adaptation},
  author={Meng, Zhong and Li, Jinyu and Gong, Yifan and others},
  journal={arXiv preprint arXiv:1804.00644},
  year={2018}
}

@INPROCEEDINGS{kanda2018sequence-kl, 
author="Naoyuki Kanda and Yusuke Fujita and Kenji Nagamatsu",
booktitle={Proc. ICASSP 2018},
title={SEQUENCE DISTILLATION FOR PURELY SEQUENCE TRAINED ACOUSTIC MODELS},
year={2018}}

